%% This BibTeX bibliography file was created using BibDesk.
%% http://bibdesk.sourceforge.net/

%% Created for Dana Lombardi at 2017-04-25 19:56:34 -0400 


%% Saved with string encoding Unicode (UTF-8) 



@webpage{10,
	Date-Added = {2017-04-25 23:42:37 +0000},
	Date-Modified = {2017-04-25 23:42:46 +0000},
	Url = {https://audi-illustrated.com/media/audi-q2-illustrated-copy-e2e59972-8419-4b52-a382-2ed7a6c67cc5/content_image/3749/teaser_38-Q2-FAS-Sensor-uebersicht-E_4_3.jpg}}

@webpage{9,
	Date-Added = {2017-04-25 23:42:11 +0000},
	Date-Modified = {2017-04-25 23:42:24 +0000},
	Url = {https://i.stack.imgur.com/X2dK8.jpg}}

@webpage{8,
	Date-Added = {2017-04-25 23:31:24 +0000},
	Date-Modified = {2017-04-25 23:42:06 +0000},
	Url = {http://arduino-info.wikispaces.com/file/view/sonarbasic.jpg/495545920/633x284/sonarbasic.jpg}}

@article{7,
	Author = {Wenyuan Xu and Wade Trappe and Yanyong Zhang and Timothy Wood},
	Date-Added = {2017-04-25 23:29:14 +0000},
	Date-Modified = {2017-04-25 23:53:00 +0000},
	Journal = { Proceedings of the 6th ACM international symposium on Mobile ad hoc networking and computing (MobiHoc '05)},
	Pages = {46-57},
	Title = {The feasibility of launching and detecting jamming attacks in wireless networks},
	Year = {2005}}

@article{6,
	Author = {Gorkem Kar and Hossen Mustafa and Yan Wang and Yingying Chen and Wenyuan Xu and Marco Gruteser and Tam Vu},
	Date-Added = {2017-04-25 23:27:32 +0000},
	Date-Modified = {2017-04-25 23:51:44 +0000},
	Journal = {Proceedings of the 2014 ACM SIGSAC Conference on Computer and Communications Security (CCS '14)},
	Pages = {621-632},
	Title = {Detection of On-Road Vehicles Emanating GPS Interference},
	Year = {2014}}

@article{5,
	Address = {Heidelberg, Germany},
	Author = {Marc Liechti and Vincent Lenders and Domenico Giustiniano},
	Date-Added = {2017-04-25 23:25:06 +0000},
	Date-Modified = {2017-04-25 23:52:47 +0000},
	Journal = {In Proceedings of the 11th ACM Conference on Emerging Networking Experiments and Technologies (CoNEXT '15).},
	Month = {December},
	Number = {11},
	Publisher = {ACM},
	Title = {Jamming mitigation by randomized bandwidth hopping.},
	Year = {2015}}

@article{4,
	Address = {Hilton Head, South Carolina},
	Author = {Zhenhua Liu and Hongbo Liu and Wenyuan Xu and Yingying Chen},
	Date-Added = {2017-04-25 23:22:51 +0000},
	Date-Modified = {2017-04-25 23:52:39 +0000},
	Journal = {Proceedings of the thirteenth ACM international symposium on Mobile Ad Hoc Networking and Computing (MobiHoc '12)},
	Month = {June},
	Pages = {257-258},
	Publisher = {ACM},
	Title = {Extracting jamming signals to locate radio interferers and jammers},
	Year = {2012}}

@conference{3,
	Address = {Beijing, China},
	Author = {Q. Meng and Q. Liang and J. Li},
	Date-Added = {2017-04-25 23:01:38 +0000},
	Date-Modified = {2017-04-25 23:52:26 +0000},
	Journal = {IEEE/RSJ International Conference on Intelligent Robots and Systems},
	Month = {October},
	Publisher = {IEEE},
	Title = {Frequency-Hopping Pseudo-Random Pulse Width Modulation to Eliminate Crosstalk of Sonar Sensors in Mobile Robots,},
	Year = {2006}}

@article{2,
	Address = {New York, NY},
	Author = {Francesco Gringoli and Nicol{\`o} Facchi and Daniel Berger},
	Date-Added = {2017-04-25 22:59:10 +0000},
	Date-Modified = {2017-04-25 23:52:17 +0000},
	Journal = {Proceedings of the 9th ACM international workshop on Wireless network testbeds, experimental evaluation and characterization (WiNTECH '14)},
	Organization = {ACM},
	Pages = {85-88},
	Title = {Demo: a testbed to evaluate frequency-hopping anti-jamming techniques in ieee 802.11},
	Year = {2014}}

@article{1,
	Author = {Ramakrishna Gummadi and David Wetherall and Ben Greenstein and Srinivasan Seshan.},
	Date-Added = {2017-04-25 22:46:03 +0000},
	Date-Modified = {2017-04-25 23:52:09 +0000},
	Journal = {Proceedings of the 2007 conference on Applications, technologies, architectures, and protocols for computer communications (SIGCOMM '07)},
	Month = {August},
	Pages = {385-396},
	Title = {Understanding and mitigating the impact of RF interference on 802.11 networks},
	Year = {2007}}
